@article{eberl2007finite,
    title={A finite difference scheme for a doubly degenerate diffusion–reaction equation arising in microbial ecology},
    author={Eberl, HJ and Demaret, L},
    journal={Electron. J. Differential Equations},
    pages={77–95},
    year={2007}
}
@article{eberl2001deterministic,
    title={A New Deterministic Spatio-Temporal Continuum Model for Biofilm Development},
    author={Eberl, HJ and Parker, DF and van Loosdrecht, MCM},
    journal={Journal of Theoretical Medicine},
    pages={161-175},
    year={2001}
}
@article{wang2011spatial,
  title={Spatial and temporal dynamics of cellulose degradation and biofilm formation by Caldicellulosiruptor obsidiansis and Clostridium thermocellum},
  author={Wang, Z-W and Lee, S-H and Elkins, JG and Morrell-Falvey, JL},
  journal={AMB Express},
  volume={1},
  pages={30},
  year={2011}
}
@article{rittmann1980model,
  title={Model of Steady-State Biofilm Kinetics},
  author={Rittmann, BE and McCarty, PL},
  journal={Biotechnology and Bioengineering},
  volume={22},
  pages={2343-2357},
  year={1980}
}
@article{noguera1999simulation,
  title={Simulation of multispecies biofilm development in three dimensions},
  author={Noguera, DR and Pizarro, G and Stahl, DA and Rittmann, BE},
  journal={Water Science and Technology},
  volume={39},
  pages={123-130},
  year={1999}
}
@phdthesis{dumitrache2014understanding,
  title={Understanding Biofilms of Anaerobic, Thermophilic and Cellulolytic Bacteria: A Study towards the Advancement of Consolidated Bioprocessing Strategies},
  author={Dumitrache, A},
  school={University of Toronto},
  year={2014}
}
@book{sirca2012computational,
  title={Computational Methods for Physicistsl: Compendium for Students},
  author={Sirca, S and Horvat, M},
  publisher={Springer},
  year={2012}
}
@book{butcher2008methods,
  author={Butcher, J.C.},
  title={Numerical Methods for Ordinary Differential Equations },
  publisher={Wiley},
  edition={2nd},
  year={2008},
  month={June},
}
@book{saad2003iterativeMethod,
  author={Saad, Y.},
  title={Iterative Methods for Sparse Linear Systems},
  publisher={Society for Industrial and Applied Mathematic},
  edition={2nd},
  year={2003},
}
@book{barret1987templates,
  author={ Barrett, R. and  Berry, M. and Chan T.F. and Demmel, J. and  Donato, J. and  Dongarra, J. and  Eijkhout, V. and  Pozo, R. and  Romine, C. and van der Vorst, H.},
  title={Templates for the Solution of Linear Systems: Building Blocks for Iterative Methods},
  publisher={Society for Industrial and Applied Mathematics},
  edition={1st},
  year={1987},
}
@article{gerschgorin1931uber_die_abgrenzung,
  author={Ger{\v s}gorin, S.},
  title={\"Uber die Abgrenzung der Eigenwerte einer Matrix},
  journal={Bulletin de l'Acad\'emie des Sciences de l'URSS. Classe des sciences math\'ematiques et na},
  pages={749-754},
  year={1931},
}
