@article{eberl2007finite,
    title={A finite difference scheme for a doubly degenerate diffusion–reaction equation arising in microbial ecology},
    author={Eberl, H.J. and Demaret, L.},
    journal={Electron. J. Differential Equations},
    pages={77–95},
    year={2007}
}
@article{eberl2001deterministic,
    title={A New Deterministic Spatio-Temporal Continuum Model for Biofilm Development},
    author={Eberl, H.J. and Parker, D.F. and van Loosdrecht M.C.M.},
    journal={Journal of Theoretical Medicine},
    pages={161-175},
    year={2001}
}
@book{butcher2008methods,
  author={Butcher, J.C.},
  title={Numerical Methods for Ordinary Differential Equations },
  publisher={Wiley},
  edition={2nd},
  year={2008},
  month={June},
}
@phdthesis{dumitrache2014understanding,
  author={Dumitrache, A.},
  title={Understanding Biofilms of Anaerobic, Thermophilic and Cellulolytic Bacteria: A Study towards the Advancement of Consolidated Bioprocessing Strategies},
  school={University of Toronto},
  year={2014},
}
@book{saad2003iterativeMethod,
  author={Saad, Y.},
  title={Iterative Methods for Sparse Linear Systems},
  publisher={Society for Industrial and Applied Mathematic},
  edition={2nd},
  year={2003},
}
@book{barret1987templates,
  author={ Barrett, R. and  Berry, M. and Chan T.F. and Demmel, J. and  Donato, J. and  Dongarra, J. and  Eijkhout, V. and  Pozo, R. and  Romine, C. and van der Vorst, H.},
  title={Templates for the Solution of Linear Systems: Building Blocks for Iterative Methods},
  publisher={Society for Industrial and Applied Mathematics},
  edition={1st},
  year={1987},
}
@article{gerschgorin1931uber_die_abgrenzung,
  author={Ger{\v s}gorin S.},
  title={\"Uber die Abgrenzung der Eigenwerte einer Matrix},
  journal={Bulletin de l'Acad\'emie des Sciences de l'URSS. Classe des sciences math\'ematiques et na},
  pages={749-754},
  year={1931},
}
